@TechReport{Piater-2011-IISreport,
  author   = {Justus Piater},
  title    = {{IIS} Report Instructions},
  institution  = {University of Innsbruck},
  year     = 2011,
  type     = {Explanatory notes}
}

@Misc{Wikipedia-Archive,
  key      = {Wikipedia},
  title    = {Archive},
  howpublished = {\url{http://en.wikipedia.org/w/index.php?title=Archive\&oldid=437062217}},
  organization = {Wikipedia},
  year     = 2011,
  note     = {Retrieved July 22, 2011}
}

@Misc{Talbot-2007-ThesisGuide,
  author   = {Nicola L. C. Talbot},
  title    = {Using LaTeX to Write a PhD Thesis},
  howpublished = {\url{http://theoval.cmp.uea.ac.uk/~nlct/latex/thesis/}},
  organization = {University of East Anglia},
  year     = 2007,
  type     = {User Guide}
}

@article{DBLP:journals/corr/abs-2007-10663,
  author    = {Pilar de la Cruz and
               Justus H. Piater and
               Matteo Saveriano},
  title     = {Reconfigurable Behavior Trees: Towards an Executive Framework Meeting
               High-level Decision Making and Control Layer Features},
  journal   = {CoRR},
  volume    = {abs/2007.10663},
  year      = {2020},
  url       = {https://arxiv.org/abs/2007.10663},
  eprinttype = {arXiv},
  eprint    = {2007.10663},
  timestamp = {Tue, 28 Jul 2020 14:46:12 +0200},
  biburl    = {https://dblp.org/rec/journals/corr/abs-2007-10663.bib},
  bibsource = {dblp computer science bibliography, https://dblp.org}
}